@article{kingman_ergodic_1968,
	title = {The ergodic theory of subadditive stochastic processes},
	journal = {Journal of the Royal Statistical Society. Series B {(Methodological)}},
	author = {Kingman, J. {F.C}},
	year = {1968},
	pages = {499--510}
},

@article{hammersley_first-passage_1965,
	title = {First-passage percolation, subadditive processes, stochastic networks, and generalized renewal theory},
	journal = {Bernoulli-Bayes-Laplace Anniversary Volume},
	author = {Hammersley, J. M. and Welsh, D. J. A.},
	year = {1965},
	pages = {61--110}
},

@article{biroli_wiener_1994,
	title = {The Wiener Test for Poincare-Dirichlet Forms},
	volume = {430},
	journal = {{NATO} {ASI} Series C Mathematical and Physical Sciences-Advanced Study Institute},
	author = {Biroli, M.},
	year = {1994},
	pages = {93--104}
}
